@article{shirvani2000software,
  title={Software-implemented EDAC protection against SEUs},
  author={Shirvani, Philip P and Saxena, Nirmal R and McCluskey, Edward J},
  journal={IEEE Transactions on reliability},
  volume={49},
  number={3},
  pages={273--284},
  year={2000},
  publisher={IEEE}
}
@inproceedings{pattabiraman2008samurai,
  title={Samurai: protecting critical data in unsafe languages},
  author={Pattabiraman, Karthik and Grover, Vinod and Zorn, Benjamin G},
  booktitle={ACM SIGOPS Operating Systems Review},
  volume={42},
  number={4},
  pages={219--232},
  year={2008},
  organization={ACM}
}
@article{borchert2016hardening,
  title={Hardening an L4 microkernel against soft errors by aspect-oriented programming and whole-program analysis},
  author={Borchert, Christoph and Spinczyk, Olaf},
  journal={ACM SIGOPS Operating Systems Review},
  volume={49},
  number={2},
  pages={37--43},
  year={2016},
  publisher={ACM}
}
